@misc{verrou-url,
  title = {Verrou: floating-point error checker},
  howpublished = {https://github.com/edf-hpc/verrou},
  note = {Accessed: 2023-06-28}
}

@misc{significantdigits-url,
    title={Significant digits package},
    howpublished = {https://github.com/verificarlo/significantdigits},
    note = {Accessed: 2023-06-28}
}

@misc{synthmorph-github,
    title={Unsupervised Learning for Image Registration},
    howpublished = {https://github.com/voxelmorph/voxelmorph\#SynthMorph},
    note = {Accessed: 2023-06-28}
}

@misc{fastsurfer-github,
    title = {PyTorch implementation of FastSurferCNN },
    howpublished = {https://github.com/Deep-MI/FastSurfer},
    note = {Accessed: 2023-06-28}
}

@misc{verrou-fix-anon,
    author = {Anonymized}
}

@article{salari2020file,
  title={File-based localization of numerical perturbations in data analysis pipelines},
  author={Salari, Ali and Kiar, Gregory and Lewis, Lindsay and Evans, Alan C and Glatard, Tristan},
  journal={GigaScience},
  volume={9},
  number={12},
  pages={giaa106},
  year={2020},
  publisher={Oxford University Press}
}
@article{salari2020file-anon,
  author = {Anonymized}
}

@misc{verrou-fix,
    title = {Verrou fix for SynthMorph},
    howpublished = {https://github.com/yohanchatelain/verrou/tree/synchroLib-v2.4.0},
    note = {Accessed: 2023-06-28}
}

@misc{scripts,
    title = {Scripts used in the experiments},
    howpublished = {https://github.com/InesGP/structural\_mri\_uncertainty/tree/main},
    note = {Accessed: 2023-06-28}
}

@misc{scripts-anon,
     author = {Anonymized}
}

@misc{corr-url-datalad,
    title = {CoRR DataLad dataset},
    howpublished = {http://datasets.datalad.org/?dir=/corr/RawDataBIDS},
    note = {Accessed: 2023-06-28}
}
@article{chatelain2022pytracer,
  author  = {Chatelain, Yohan and Young, Nigel Yong Sao and Kiar, Gregory and Glatard, Tristan},
  journal = {IEEE Transactions on Computers},
  title   = {{PyTracer: Automatically Profiling Numerical Instabilities in Python}},
  year    = {2022},
  pages   = {1-12},
  doi     = {10.1109/TC.2022.3224377}
}
@article{pepe2022numerical,
  title={Numerical Stability of DeepGOPlus Inference},
  author={Pepe, In{\'e}s Gonzalez and Chatelain, Yohan and Kiar, Gregory and Glatard, Tristan},
  journal={arXiv preprint arXiv:2212.06361},
  year={2022}
}

@article{pepe2022numerical-anon,
author = {Anonymized}
}

@article{chatelain2022pytracer-anon,
  author = {Anonymized}
}

@article{iglesias2023ready,
  title     = {A ready-to-use machine learning tool for symmetric multi-modality registration of brain MRI},
  author    = {Iglesias, Juan Eugenio},
  journal   = {Scientific Reports},
  volume    = {13},
  number    = {1},
  pages     = {6657},
  year      = {2023},
  publisher = {Nature Publishing Group UK London}
}

@article{kiar2021numerical-anon,
  author = {Anonymized}
}

@article{kiar2021numerical,
  title     = {Numerical uncertainty in analytical pipelines lead to impactful variability in brain networks},
  author    = {Kiar, Gregory and Chatelain, Yohan and de Oliveira Castro, Pablo and Petit, Eric and Rokem, Ariel and Varoquaux, Ga{\"e}l and Misic, Bratislav and Evans, Alan C and Glatard, Tristan},
  journal   = {PloS one},
  volume    = {16},
  number    = {11},
  pages     = {e0250755},
  year      = {2021},
  publisher = {Public Library of Science San Francisco, CA USA}
}

@book{parker1997monte,
  title     = {{Monte Carlo Arithmetic: Exploiting Randomness in Floating-Point Arithmetic}},
  author    = {Parker, Douglass Stott},
  year      = {1997},
  publisher = {University of California (Los Angeles). Computer Science Department}
}

@article{fischl2004sequence,
  title     = {Sequence-independent segmentation of magnetic resonance images},
  author    = {Fischl, Bruce and Salat, David H and Van Der Kouwe, Andr{\'e} JW and Makris, Nikos and S{\'e}gonne, Florent and Quinn, Brian T and Dale, Anders M},
  journal   = {Neuroimage},
  volume    = {23},
  pages     = {S69--S84},
  year      = {2004},
  publisher = {Elsevier}
}


@article{sohier2021confidence,
  title     = {{Confidence Intervals for Stochastic Arithmetic}},
  author    = {Sohier, Devan and Castro, Pablo De Oliveira and F{\'e}votte, Fran{\c{c}}ois and Lathuili{\`e}re, Bruno and Petit, Eric and Jamond, Olivier},
  journal   = {ACM Transactions on Mathematical Software (TOMS)},
  volume    = {47},
  number    = {2},
  pages     = {1--33},
  year      = {2021},
  publisher = {ACM New York, NY, USA}
}

@article{kahan1996ieee,
  title   = {{IEEE Standard 754 for Binary Floating-Point Arithmetic}},
  author  = {Kahan, William},
  journal = {Lecture Notes on the Status of IEEE},
  volume  = {754},
  number  = {94720-1776},
  pages   = {11},
  year    = {1996}
}

@article{nethercote2007valgrind,
  title     = {{Valgrind: A Framework for Heavyweight Dynamic Binary Instrumentation}},
  author    = {Nethercote, Nicholas and Seward, Julian},
  journal   = {ACM Sigplan notices},
  volume    = {42},
  number    = {6},
  pages     = {89--100},
  year      = {2007},
  publisher = {ACM New York, NY, USA}
}

@inproceedings{salari2021accurate,
  title        = {Accurate simulation of operating system updates in neuroimaging using Monte-Carlo arithmetic},
  author       = {Salari, Ali and Chatelain, Yohan and Kiar, Gregory and Glatard, Tristan},
  booktitle    = {Uncertainty for Safe Utilization of Machine Learning in Medical Imaging, UNSURE 2021, Strasbourg, France, October 1, 2021},
  pages        = {14--23},
  year         = {2021},
  organization = {Springer}
}

@inproceedings{salari2021accurate-anon,
  author = {Anonymized}
}

@article{fischl2002whole,
  title     = {{Whole brain segmentation: automated labeling of neuroanatomical structures in the human brain}},
  author    = {Fischl, Bruce and Salat, David H and Busa, Evelina and Albert, Marilyn and Dieterich, Megan and Haselgrove, Christian and Van Der Kouwe, Andre and Killiany, Ron and Kennedy, David and Klaveness, Shuna and others},
  journal   = {Neuron},
  volume    = {33},
  number    = {3},
  pages     = {341--355},
  year      = {2002},
  publisher = {Elsevier}
}

@article{gronenschild2012effects,
  title     = {{The effects of FreeSurfer version, workstation type, and Macintosh operating system version on anatomical volume and cortical thickness measurements}},
  author    = {Gronenschild, Ed HBM and Habets, Petra and Jacobs, Heidi IL and Mengelers, Ron and Rozendaal, Nico and Van Os, Jim and Marcelis, Machteld},
  journal   = {PloS one},
  volume    = {7},
  number    = {6},
  pages     = {e38234},
  year      = {2012},
  publisher = {{Public Library of Science San Francisco, USA}}
}

@article{glatard2015reproducibility,
  title     = {{Reproducibility of Neuroimaging Analyses Across Operating Systems}},
  author    = {Glatard, Tristan and Lewis, Lindsay B and Ferreira da Silva, Rafael and Adalat, Reza and Beck, Natacha and Lepage, Claude and Rioux, Pierre and Rousseau, Marc-Etienne and Sherif, Tarek and Deelman, Ewa and others},
  journal   = {{Frontiers in Neuroinformatics}},
  volume    = {9},
  pages     = {12},
  year      = {2015},
  publisher = {{Frontiers Media SA}}
}


@article{glatard2015reproducibility-anon,
  author = {Anonymized}
}

@article{chakraborty2021survey,
  title     = {A survey on adversarial attacks and defences},
  author    = {Chakraborty, Anirban and Alam, Manaar and Dey, Vishal and Chattopadhyay, Anupam and Mukhopadhyay, Debdeep},
  journal   = {CAAI Transactions on Intelligence Technology},
  volume    = {6},
  number    = {1},
  pages     = {25--45},
  year      = {2021},
  publisher = {Wiley Online Library}
}

@article{fevotte2016verrou,
  title   = {VERROU: a CESTAC evaluation without recompilation},
  author  = {F{\'e}votte, Fran{\c{c}}ois and Lathuiliere, Bruno},
  journal = {SCAN 2016},
  pages   = {47},
  year    = {2016}
}
@article{forsythe1959reprint,
  title     = {Reprint of a note on rounding-off errors},
  author    = {Forsythe, George E},
  journal   = {SIAM review},
  volume    = {1},
  number    = {1},
  pages     = {66},
  year      = {1959},
  publisher = {Society for Industrial and Applied Mathematics}
}

@inproceedings{kloberdanz2022deepstability,
  title     = {DeepStability: a study of unstable numerical methods and their solutions in deep learning},
  author    = {Kloberdanz, Eliska and Kloberdanz, Kyle G and Le, Wei},
  booktitle = {Proceedings of the 44th International Conference on Software Engineering},
  pages     = {586--597},
  year      = {2022}
}

@book{higham2002accuracy,
  title     = {Accuracy and stability of numerical algorithms},
  author    = {Higham, Nicholas J},
  year      = {2002},
  publisher = {SIAM}
}

@article{henschel2020fastsurfer,
  title     = {{Fastsurfer-A Fast and Accurate Deep Learning Based Neuroimaging Pipeline}},
  author    = {Henschel, Leonie and Conjeti, Sailesh and Estrada, Santiago and Diers, Kersten and Fischl, Bruce and Reuter, Martin},
  journal   = {NeuroImage},
  volume    = {219},
  pages     = {117012},
  year      = {2020},
  publisher = {Elsevier}
}

@article{hoffmann2021synthmorph,
  title     = {{SynthMorph: Learning Contrast-Invariant Registration Without Acquired Images}},
  author    = {Hoffmann, Malte and Billot, Benjamin and Greve, Douglas N and Iglesias, Juan Eugenio and Fischl, Bruce and Dalca, Adrian V},
  journal   = {{IEEE Transactions on Medical Imaging}},
  volume    = {41},
  number    = {3},
  pages     = {543--558},
  year      = {2021},
  publisher = {IEEE}
}

@article{zuo2014open,
  title     = {{An Open Science Resource for Establishing Reliability and Reproducibility in Functional Connectomics}},
  author    = {Zuo, Xi-Nian and Anderson, Jeffrey S and Bellec, Pierre and Birn, Rasmus M and Biswal, Bharat B and Blautzik, Janusch and Breitner, John and Buckner, Randy L and Calhoun, Vince D and Castellanos, F Xavier and others},
  journal   = {{Scientific Data}},
  volume    = {1},
  number    = {1},
  pages     = {1--13},
  year      = {2014},
  publisher = {{Nature Publishing Group}}
}

@article{halchenko2021datalad,
  title   = {{DataLad: Distributed System for Joint Management of Code, Data, and Their Relationship}},
  author  = {Halchenko, Yaroslav and Meyer, Kyle and Poldrack, Benjamin and Solanky, Debanjum and Wagner, Adina and Gors, Jason and MacFarlane, Dave and Pustina, Dorian and Sochat, Vanessa and Ghosh, Satrajit and others},
  journal = {{Journal of Open Source Software}},
  volume  = {6},
  number  = {63},
  year    = {2021}
}

@article{roy2019quicknat,
  title     = {{QuickNAT: A Fully Convolutional Network for Quick and Accurate Segmentation of Neuroanatomy}},
  author    = {Roy, Abhijit Guha and Conjeti, Sailesh and Navab, Nassir and Wachinger, Christian and Alzheimer's Disease Neuroimaging Initiative and others},
  journal   = {NeuroImage},
  volume    = {186},
  pages     = {713--727},
  year      = {2019},
  publisher = {Elsevier}
}

@inproceedings{roy2017error,
  title        = {{Error Corrective Boosting for Learning Fully Convolutional Networks With Limited Data}},
  author       = {Roy, Abhijit Guha and Conjeti, Sailesh and Sheet, Debdoot and Katouzian, Amin and Navab, Nassir and Wachinger, Christian},
  booktitle    = {{Medical Image Computing and Computer Assisted Intervention- MICCAI 2017: 20th International Conference, Quebec City, QC, Canada, September 11-13, 2017, Proceedings, Part III 20}},
  pages        = {231--239},
  year         = {2017},
  organization = {Springer}
}

@inproceedings{ronneberger2015u,
  title        = {U-net: Convolutional networks for biomedical image segmentation},
  author       = {Ronneberger, Olaf and Fischer, Philipp and Brox, Thomas},
  booktitle    = {Medical Image Computing and Computer-Assisted Intervention--MICCAI 2015: 18th International Conference, Munich, Germany, October 5-9, 2015, Proceedings, Part III 18},
  pages        = {234--241},
  year         = {2015},
  organization = {Springer}
}

@INPROCEEDINGS {denis2015verificarlo,
author = {C. Denis and P. De Oliveira Castro and E. Petit},
booktitle = {2016 IEEE 23nd Symposium on Computer Arithmetic (ARITH)},
title = {{Verificarlo: Checking Floating Point Accuracy through Monte Carlo Arithmetic}},
year = {2016},
volume = {},
issn = {1063-6889},
pages = {55-62},
keywords = {monte carlo methods;numerical models;optimization;computational modeling;standards;instruments;hardware},
doi = {10.1109/ARITH.2016.31},
publisher = {IEEE Computer Society},
address = {Los Alamitos, CA, USA},
month = {jul}
}

@article{kiar2020comparing,
  title={{Comparing Perturbation Models for Evaluating Stability of Neuroimaging Pipelines}},
  author={Kiar, Gregory and de Oliveira Castro, Pablo and Rioux, Pierre and Petit, Eric and Brown, Shawn T and Evans, Alan C and Glatard, Tristan},
  journal={The International Journal of High Performance Computing Applications},
  volume={34},
  number={5},
  pages={491--501},
  year={2020},
  publisher={SAGE Publications Sage UK: London, England}
}

@article{fischl1999cortical,
  title={{Cortical Surface-Based Analysis: II: Inflation, Flattening, and a Surface-Based Coordinate System}},
  author={Fischl, Bruce and Sereno, Martin I and Dale, Anders M},
  journal={Neuroimage},
  volume={9},
  number={2},
  pages={195--207},
  year={1999},
  publisher={Elsevier}
}

@article{jog2019psacnn,
  title={{PSACNN: Pulse Sequence Adaptive Fast Whole Brain Segmentation}},
  author={Jog, Amod and Hoopes, Andrew and Greve, Douglas N and Van Leemput, Koen and Fischl, Bruce},
  journal={NeuroImage},
  volume={199},
  pages={553--569},
  year={2019},
  publisher={Elsevier}
}

@inproceedings{li2017compactness,
  title={{On the Compactness, Efficiency, and Representation of 3D Convolutional Networks: Brain Parcellation as A Pretext Task}},
  author={Li, Wenqi and Wang, Guotai and Fidon, Lucas and Ourselin, Sebastien and Cardoso, M Jorge and Vercauteren, Tom},
  booktitle={Information Processing in Medical Imaging: 25th International Conference, IPMI 2017, Boone, NC, USA, June 25-30, 2017, Proceedings 25},
  pages={348--360},
  year={2017},
  organization={Springer}
}

@article{balakrishnan2019tmi,
    title={{VoxelMorph: A Learning Framework for Deformable Medical Image Registration}},
    author={Balakrishnan, Guha and Zhao, Amy and Sabuncu, Mert and Guttag, John and Adrian V. Dalca},
    journal={IEEE TMI: Transactions on Medical Imaging},
    volume={38},
    issue={8},
    pages={1788--1800},
    organization={IEEE},
    year={2019}
}

@article{botvinik2020variability,
  title={{Variability In The Analysis of A Single Neuroimaging Dataset By Many Teams}},
  author={Botvinik-Nezer, Rotem and Holzmeister, Felix and Camerer, Colin F and Dreber, Anna and Huber, Juergen and Johannesson, Magnus and Kirchler, Michael and Iwanir, Roni and Mumford, Jeanette A and Adcock, R Alison and others},
  journal={Nature},
  volume={582},
  number={7810},
  pages={84--88},
  year={2020},
  publisher={{Nature Publishing Group UK London}}
}

@article{Fanelli_2017,
author = {Daniele Fanelli },
title = {{Is Science Really Facing A Reproducibility Crisis, And Do We Need It To?}},
journal = {{Proceedings of the National Academy of Sciences}},
volume = {115},
number = {11},
pages = {2628-2631},
year = {2018},
doi = {10.1073/pnas.1708272114},
URL = {https://www.pnas.org/doi/abs/10.1073/pnas.1708272114},
eprint = {https://www.pnas.org/doi/pdf/10.1073/pnas.1708272114},
}

@article{baker_2016, 
title={{1,500 Scientists Lift The Lid On Reproducibility}}, 
volume={533}, 
DOI={10.1038/533452a}, 
number={7604}, 
journal={Nature}, 
author={Baker, Monya}, 
year={2016}, 
pages={452–454}
}

@article{kulmanov2020deepgoplus,
  title={{DeepGOPlus: Improved Protein Function Prediction from Sequence}},
  author={Kulmanov, Maxat and Hoehndorf, Robert},
  journal={Bioinformatics},
  volume={36},
  number={2},
  pages={422--429},
  year={2020},
  publisher={Oxford University Press}
}

@article{li2020pytorch,
  title={Pytorch distributed: Experiences on accelerating data parallel training},
  author={Li, Shen and Zhao, Yanli and Varma, Rohan and Salpekar, Omkar and Noordhuis, Pieter and Li, Teng and Paszke, Adam and Smith, Jeff and Vaughan, Brian and Damania, Pritam and others},
  journal={arXiv preprint arXiv:2006.15704},
  year={2020}
}

@article{gonzalez2023,
  title={Numerical Uncertainty of Convolutional Neural Networks Inference for Structural Brain MRI Analysis},
  author={Gonzalez Pepe, In{\'e}s and Sivakolunthu, Vinuyan and Park, Hae Lang and Chatelain, Yohan and Glatard, Tristan},
  journal={arXiv e-prints},
  pages={arXiv--2308},
  year={2023}
}